@misc{IjPb7,
  author = "Wikipedia",
  title = "List of mathematical symbols --- Wikipedia{,} The Free Encyclopedia",
  year = "2011",
  url = "http://en.wikipedia.org/w/index.php?title=List\_of\_mathematical\_symbols\&oldid=431875373",
  note = "[Online; accessed 7-June-2011]"
}

@misc{MD51J,
  author = "WolframAlpha",
  title = "quadratic formula - WolframAlpha",
  year = "2011",
  url = "http://www.wolframalpha.com/input/?i=quadratic+formula",
  note = "[Online; accessed 7-June-2011]"
}

@misc{duWGx,
  author = "N J A Sloane <njas@research.att.com>",
  title = "A001113 - OEIS",
  year = "1995",
  url = "http://oeis.org/A001113",
  note = "[Online; accessed 9-June-2011]"
}

@book{RHBDiffQuickStart,
  author = "Ken {Riley} and Michael {Hobson} and Stephen {Bence}",
  title = "Mathematical Methods for Physics and Engineering",
  publisher = "Cambridge University Press",
  year = "2006",
  edition = "third",
  chapter = "2",
  pages = "44",
  isbn = "978-0-521-67971-8"
}

@misc{UmibR,
   author = "Wikipedia",
   title = "Completing the square --- Wikipedia{,} The Free Encyclopedia",
   year = "2011",
   url = "http://en.wikipedia.org/w/index.php?title=Completing_the_square&oldid=429461631",
   note = "[Online; accessed 14-June-2011]"
 }
 
 @misc{HTrCS,
   author = "Supreme Ayal",
   title  = "Example: Unit Circle",
   year   = "2010",
   url    = "http://goo.gl/HTrCS",
   note   = "[Online; accessed 25-July-2011]"
}